@misc{jones2024does,
      title={Does GPT-4 pass the Turing test?}, 
      author={Cameron R. Jones and Benjamin K. Bergen},
      year={2024},
      eprint={2310.20216},
      archivePrefix={arXiv},
      primaryClass={cs.AI}
}

@article{zhuang2023efficiently,
  title={Efficiently measuring the cognitive ability of llms: An adaptive testing perspective},
  author={Zhuang, Yan and Liu, Qi and Ning, Yuting and Huang, Weizhe and Lv, Rui and Huang, Zhenya and Zhao, Guanhao and Zhang, Zheng and Mao, Qingyang and Wang, Shijin and others},
  journal={arXiv preprint arXiv:2306.10512},
  year={2023}
}